<?xml version="1.0" encoding="UTF-8"?><record xmlns="http://www.loc.gov/MARC21/slim" xmlns:cinclude="http://apache.org/cocoon/include/1.0" xmlns:zs="http://www.loc.gov/zing/srw/">
  <leader>00816cz  a2200181n  4500</leader>
  <controlfield tag="001">no2006048990</controlfield>
  <controlfield tag="003">DLC</controlfield>
  <controlfield tag="005">20081029082909.0</controlfield>
  <controlfield tag="008">060511n| acannaabn          |b aaa     c</controlfield>
  <datafield tag="010" ind1=" " ind2=" ">
    <subfield code="a">no2006048990</subfield>
  </datafield>
  <datafield tag="035" ind1=" " ind2=" ">
    <subfield code="a">(OCoLC)oca06936851</subfield>
  </datafield>
  <datafield tag="040" ind1=" " ind2=" ">
    <subfield code="a">HkUST</subfield>
    <subfield code="b">eng</subfield>
    <subfield code="c">HkUST</subfield>
    <subfield code="d">OCoLC</subfield>
  </datafield>
  <datafield tag="100" ind1="1" ind2=" ">
    <subfield code="a">Chen, Shilong,</subfield>
    <subfield code="d">1977-</subfield>
  </datafield>
  <datafield tag="400" ind1="1" ind2=" ">
    <subfield code="a">陈时龙,</subfield>
    <subfield code="d">1977-</subfield>
  </datafield>
  <datafield tag="667" ind1=" " ind2=" ">
    <subfield code="a">Machine-derived non-Latin script reference project.</subfield>
  </datafield>
  <datafield tag="667" ind1=" " ind2=" ">
    <subfield code="a">Non-Latin script reference not evaluated.</subfield>
  </datafield>
  <datafield tag="670" ind1=" " ind2=" ">
    <subfield code="a">Ming dai zhong wan qi jiang xue yun dong (1522-1626), 2005:</subfield>
    <subfield code="b">t.p. (Chen Shilong) postscript (MA &amp; Ph.D., Fu dan da xue li shi xi; with Zhongguo she hui ke xue yuan li shi suo)</subfield>
  </datafield>
  <datafield tag="670" ind1=" " ind2=" ">
    <subfield code="a">Wan fang shu ju zi yuan xi tong WWW home page, May 11, 2006</subfield>
    <subfield code="b">(Chen Shilong; 1977-; male; native of Jiangxi Yongxin; Ph.D. student, Fu dan da xue li shi xi)</subfield>
  </datafield>
</record>